@book{PalmDesignGuide,
    author = {Jean Ostrem},
    title = {Palm OS\,\textsuperscript{\tiny\textregistered} User Interface Guidelines},
    publisher = {PalmSource, Inc.},
    year = 2003,
    address = {1240 Crossman Avenue Sunnyvale, CA 94089 USA},
    pagetotal = 174
}
