@book{PalmDesignGuide,
    author = {Jean Ostrem},
    title = {Palm OS\,\textsuperscript{\tiny\textregistered} User Interface Guidelines},
    publisher = {PalmSource, Inc.},
    year = 2003,
    address = {1240 Crossman Avenue Sunnyvale, CA 94089 USA},
    pagetotal = 174
}

@book{PalmFileFormatSpec,
    author = {Gary Hillerson},
    title = {Palm\,\textsuperscript{\tiny\textregistered} File Format Specification},
    publisher = {Palm, Inc.},
    year = 2001,
    address = {5470 Great America Pkwy, Santa Clara, CA 95052 USA},
    pagetotal = 112
}

@book{PalmOSAPIRef,
    author = {Greg Wilson and Jean Ostrem and Christopher Bey and Mark Dugger},
    title = {Palm~OS\,\textsuperscript{\tiny\textregistered} Programmer's API Reference},
    publisher = {PalmSource, Inc.},
    year = 2004,
    address = {1240 Crossman Avenue Sunnyvale, CA 94089 USA},
    pagetotal = 2582
}

@book{PalmProgrammingBible,
    author = {Lonnon R. Foster},
    title = {Palm OS Programming Bible},
    publisher = {IDG Books Worldwide, Inc.},
    year = 2000,
    address = {919 E. Hillsdale Blvd., Suite 400 Foster City, CA 94404},
    pagetotal = 887,
    isbn = {0-7645-4676-7}
}
